@misc{nantou:2023,
  author       = {南東 and others},
  yomi         = {nantou},
  language     = {japanese},
  howpublished = {\url{https://sites.google.com/view/gamesurubu-advent-calender}},
  title        = {ゲームする部 Advent Calendar},
  year         = {2023}
}
@misc{keion:2019,
  editor       = {京音},
  howpublished = {\url{https://keionkakimasen.hatenablog.com/archive/category/kuoc局所難AdventCalendar2019}},
  title        = {kuoc局所難AdventCalendar2019 --- 京音Advent Calendar企画用ブログ},
  year         = {2019}
}
@misc{keion:2023,
  editor       = {京音},
  howpublished = {\url{https://keionkakimasen.hatenablog.com/archive/category/kuoc局所難AdventCalendar2023}},
  title        = {kuoc局所難AdventCalendar2023 --- 京音Advent Calendar企画用ブログ},
  year         = {2023}
}